@misc{bentobox,
  author = {SushiSwap},
  title = {BentoBox},
  year = {2022},
  publisher = {GitHub},
  journal = {GitHub repository},
  howpublished = {\url{https://github.com/sushiswap/bentobox}},
  commit = {534471f98a870ae570e595fa2619a75b3b183df9}
}

@misc{yieldbox,
  author = {BoringCrypto},
  title = {YieldBox},
  year = {2022},
  publisher = {GitHub},
  journal = {GitHub repository},
  howpublished = {\url{https://github.com/boringcrypto/YieldBox}},
  commit = {ac61690fb05a4a586d3e3754b6e97c82c4c65869}
}

@misc{vader,
  title = {VADER PROTOCOL: Stablecoin Anchored Automated Market Maker with Protocol Owned Liquidity},
  howpublished = {\url{https://www.vaderprotocol.io/whitepaper}},
  note = {Accessed: 2022-01-16}
}

@book{how-to-defi-advanced,
  TITLE = {How to DeFi: Advanced},
  SUBTITLE = {The Science of Microfabrication},
  AUTHOR = {L. Fang and B. Hor and E. Azmi and K. W. Win},
  YEAR = {2021}, 
  PUBLISHER = {Coingecko},
}

@misc{cousaert2021,
      title={SoK: Yield Aggregators in DeFi}, 
      author={Simon Cousaert and Jiahua Xu and Toshiko Matsui},
      year={2021},
      eprint={2105.13891},
      archivePrefix={arXiv},
      primaryClass={q-fin.PM}
}

@article{schar2021,
  title={Decentralized finance: On blockchain-and smart contract-based financial markets},
  author={Sch{\"a}r, Fabian},
  journal={FRB of St. Louis Review},
  year={2021}
}

@inproceedings{wang2021,
  title={Towards a first step to understand flash loan and its applications in DeFi ecosystem},
  author={Wang, Dabao and Wu, Siwei and Lin, Ziling and Wu, Lei and Yuan, Xingliang and Zhou, Yajin and Wang, Haoyu and Ren, Kui},
  booktitle={Proceedings of the Ninth International Workshop on Security in Blockchain and Cloud Computing},
  pages={23--28},
  year={2021}
}

@article{zhao2021,
  title={Understand Volatility of Algorithmic Stablecoin: Modeling, Verification and Empirical Analysis},
  author={Zhao, Wenqi and Li, Hui and Yuan, Yuming},
  journal={arXiv preprint arXiv:2101.08423},
  year={2021}
}

@article{griffin2020,
  title={Is Bitcoin really untethered?},
  author={Griffin, John M and Shams, Amin},
  journal={The Journal of Finance},
  volume={75},
  pages={1913--1964},
  year={2020},
}

@book{fatas2019,
  title={The Economics of fintech and digital currencies},
  author={Fat{\'a}s, Antonio},
  year={2019},
  publisher={CEPR Press London}
}

@misc{tether,
  title = {Tether: Fiat currencies on the Bitcoin blockchain},
  howpublished = {\url{https://tether.to/wp-content/uploads/2016/06/TetherWhitePaper.pdf}},
  note = {Accessed: 2022-01-16}
}

@misc{dai,
  title = {The Maker Protocol: MakerDAO's Multi-Collateral Dai (MCD) System},
  howpublished = {\url{https://makerdao.com/en/whitepaper}},
  note = {Accessed: 2022-01-16}
}

@misc{bean,
  title = {Beanstalk: A Decentralized Credit Based Stablecoin Protocol},
  howpublished = {\url{https://bean.money/docs/beanstalk.pdf}},
  note = {Accessed: 2022-01-16}
}

@misc{frax,
  title = {Frax: Fractional-Algorithmic Stablecoin Protocol},
  howpublished = {\url{https://docs.frax.finance/}},
  note = {Accessed: 2022-01-17}
}

@misc{ust,
  title = {Terra Money: Stability and Adoption},
  howpublished = {\url{https://assets.website-files.com/611153e7af981472d8da199c/618b02d13e938ae1f8ad1e45_Terra_White_paper.pdf}},
  note = {Accessed: 2022-01-17}
}

@article{kristoufek2020,
  title={On the role of stablecoins in cryptoasset pricing dynamics},
  author={Kristoufek, Ladislav},
  journal={Available at SSRN},
  year={2020}
}

@misc{wang2020,
      title={Automated Market Makers for Decentralized Finance (DeFi)}, 
      author={Yongge Wang},
      year={2020},
      eprint={2009.01676},
      archivePrefix={arXiv},
      primaryClass={q-fin.TR}
}

@misc{defi-report-q2-2021,
  title = {DeFi Report: An analysis of Ethereum’s decentralized
finance ecosystem in Q2 2021.},
  howpublished = {\url{https://consensys.net/reports/defi-report-q2-2021}},
  note = {Accessed: 2022-01-18}
}

@article{jentzsch2016,
  title={Decentralized autonomous organization to automate governance},
  author={Jentzsch, Christoph},
  journal={White paper, November},
  year={2016}
}

@misc{aave,
  title = {AAVE: Open source liquidity protocol},
  howpublished = {\url{https://app.aave.com/#/markets}},
  note = {Accessed: 2022-01-17}
}

@misc{usdc,
  title = {Centre: Whitepaper},
  howpublished = {\url{https://f.hubspotusercontent30.net/hubfs/9304636/PDF/centre-whitepaper.pdf}},
  note = {Accessed: 2022-01-18}
}

@misc{wbtc,
  title = {Wrapped Tokens: A multi-institutional framework for tokenizing any asset},
  howpublished = {\url{https://wbtc.network/assets/wrapped-tokens-whitepaper.pdf}},
  note = {Accessed: 2022-01-18}
}

@misc{breidenbach2021,
  title={Chainlink 2.0: Next Steps in the Evolution of
Decentralized Oracle Networks},
  author={L. Breidenbach and C. Cachin and B. Chan and A. Coventry and S. Ellis and A. Juels and F. Koushanfar and A. Miller and B. Magauran and D. Moroz and S. Nazarov and A. Topliceanu and Florian Tramèr and F. Zhang},
  journal={v1.0},
  year={2021},
  howpublished ={\url{https://research.chain.link/whitepaper-v2.pdf?_ga=2.241199361.280044258.1642587746-736256315.1641144110}},
  note = {Accessed: 2022-01-19}
}

@misc{defi-pulse,
  title = {DEFI Pulse: The decentralized Finace Leaderboard},
  howpublished = {\url{https://defipulse.com/}},
  note = {Accessed: 2022-01-18}
}

@misc{stablecoin-report,
  title = {Report on Stablecoins},
  howpublished = {\url{https://home.treasury.gov/system/files/136/StableCoinReport_Nov1_508.pdf}},
  note = {Accessed: 2022-01-19}
}

@misc{coordinape,
  title = {Coordinape: Tools for DAOs that Do},
  howpublished = {\url{https://docs.coordinape.com/}},
  note = {Accessed: 2022-01-22}
}

@misc{weirollvm,
  title = {Weiroll: A simple and efficient operation-chaining/scripting language for the EVM.},
  howpublished = {\url{https://github.com/weiroll/weiroll}},
  note = {Accessed: 2022-01-26}
}

@book{thulasiraman2011,
  title={Graphs: theory and algorithms},
  author={Thulasiraman, Krishnaiyan and Swamy, Madisetti NS},
  year={2011},
  publisher={John Wiley \& Sons}
}

@misc{aphradrop,
  title = {AphraDrop: CSV of accounts used to generate the merkle root},
  howpublished = {\url{https://gist.github.com/androolloyd/246abb48cfec6ab804a3240df637319e}},
  note = {Accessed: 2022-01-27}
}

@misc{uniswap-v2,
  title = {Uniswap v2 Core},
  author={H. Adams and N. Zinsmeister and D. Robinson},
  journal={v2},
  howpublished = {\url{https://uniswap.org/whitepaper.pdf}},
  note = {Accessed: 2022-01-27}
}

@misc{uniswap-v3,
  title = {Uniswap v3 Core},
  author={H. Adams and N. Zinsmeister and D. Robinson and R. Keefer and M. Salem},
  journal={v3},
  howpublished = {\url{https://uniswap.org/whitepaper-v3.pdf}},
  note = {Accessed: 2022-01-27}
}

@misc{curve,
  title = {Curve Finance},
  howpublished = {\url{https://curve.readthedocs.io/}},
  note = {Accessed: 2022-02-19}
}

@misc{convex,
  title = {Convex Finance},
  howpublished = {\url{https://docs.convexfinance.com/convexfinance/}},
  note = {Accessed: 2022-01-27}
}

@misc{rocket-pool,
  title = {Rocket Pool: Decentralized Ethereum Staking Protocol},
  howpublished = {\url{https://rocketpool.net/}},
  note = {Accessed: 2022-02-19}
}

@misc{yearn-finance,
  title = {Yearn Finance},
  howpublished = {\url{https://docs.yearn.finance/getting-started/intro}},
  note = {Accessed: 2022-02-19}
}

@misc{votium,
  title = {Votium platform},
  howpublished = {\url{https://docs.votium.app/}},
  note = {Accessed: 2022-01-27}
}

@misc{aphra-finance,
  title = {Aphra: Cashflow engine for the empire},
  howpublished = {\url{https://www.aphra.finance/}},
  note = {Accessed: 2022-01-28}
}

@misc{aphra-snapshot,
  title = {Aphra Finance Proposals},
  howpublished = {\url{https://snapshot.org/#/aphrafinance.eth}},
  note = {Accessed: 2022-01-28}
}

@article{ante2021,
  title={The non-fungible token (NFT) market and its relationship with Bitcoin and Ethereum},
  author={Ante, Lennart},
  journal={Available at SSRN 3861106},
  year={2021},
}

@article{wang2021_2,
  title={Non-fungible token (NFT): Overview, evaluation, opportunities and challenges},
  author={Wang, Qin and Li, Rujia and Wang, Qi and Chen, Shiping},
  journal={arXiv preprint arXiv:2105.07447},
  year={2021},
}

@misc{boringcrypto,
  author = {BoringCrypto},
  year = {2022},
  publisher = {GitHub},
  journal = {GitHub repository},
  howpublished = {\url{https://github.com/boringcrypto
}},
}

@misc{andre-conje,
  author = {Andre Cronje},
  title = {ve(3,3)},
  howpublished = {\url{https://andrecronje.medium.com/ve-3-3-44466eaa088b}},
  note = {Accessed: 2022-02-19}
}
